2512 4154
330 186 365 235 ‚·r
419 163 741 261 SATIRAXIV.¹
792 183 819 203 ··
1037 183 1096 250 ¹35

63 322 102 390 Et
122 322 242 398 plenum
261 319 374 405 magnis
386 320 524 394 trabibus
544 341 637 398 mare;
662 324 733 400 plus
748 324 901 385 hominum
921 327 1044 404 estjam

61 428 113 501 ln,
121 427 226 502 pelago
230 449 240 502 3
266 425 364 484 veniet
384 425 491 499 classis,
515 445 690 504 quocunque
710 429 820 491 vocarit

61 510 136 607 Spes
155 528 235 602 lucri,
256 548 312 588 nec
334 528 523 607 Carpathium
544 530 725 608 Gaetulaque
745 542 859 592 tantum

60 635 201 709 Aequora
219 629 367 703 transiliet,
385 632 450 710 sed,
472 632 560 710 longe
580 633 673 708 Calpe
692 632 801 705 relicta,

61 735 172 797 Audiet
193 737 342 796 Herculeo
363 735 533 797 stridentem
553 736 664 814 gurgite
684 739 784 798 solem.

61 841 188 901 Grande
201 859 308 917 operae
327 838 452 916 pretium
473 849 525 912 est,
546 850 579 899 ut
599 850 683 900 tenso
703 841 772 900 folle
792 841 895 901 reverti

61 947 139 1033 Inde
159 946 281 1005 domum
301 944 404 1020 possis,
426 943 595 1020 tumidaque
616 947 757 1022 superbus
778 947 864 1018 aluta,

60 1049 175 1111 Oceani
195 1061 325 1109 monstra
345 1060 374 1108 et
391 1050 514 1125 juvenes
535 1049 642 1109 vidisse
662 1049 798 1110 marinos.

43 1157 134 1214 -Non
153 1173 227 1213 unus
247 1163 360 1213 mentes
380 1152 469 1230 agitat
489 1156 573 1215 furor.
616 1156 671 1215 Ille
691 1155 796 1215 sororis

61 1263 100 1318 In
120 1258 254 1318 manibus
274 1259 355 1317 vultu
376 1258 572 1319 Eumenidum
592 1271 713 1320 terretur
733 1272 762 1320 et
782 1260 850 1338 igni,

62 1362 126 1422 Hic
143 1364 220 1423 bove
241 1382 378 1439 percusso
398 1361 509 1439 mugire
529 1365 752 1440 Agamemnona
771 1365 864 1426 credit

60 1468 123 1525 Aut
143 1466 285 1524 Ithacum.
328 1466 432 1523 Pareat
451 1463 556 1524 tunicis
577 1464 645 1525 licet
665 1477 754 1542 atque
774 1467 903 1541 lacernis

38 1567 211 1641 ,Curatoris
232 1577 297 1644 eget
317 1566 367 1643 qui
386 1587 492 1631 navem
512 1567 657 1629 mercibus
678 1568 780 1646 implet
816 1602 819 1607 ·

61 1671 111 1730 Ad
132 1689 277 1728 summum
297 1671 379 1743 latus,
403 1679 432 1729 et
452 1670 552 1730 tabula
571 1669 756 1748 distinguitur
775 1674 862 1743 unda,

63 1775 163 1848 Quum
183 1772 220 1832 sit
240 1793 328 1846 causa
346 1773 416 1832 mali
436 1773 508 1832 tanti
529 1783 559 1832 et
579 1773 752 1833 discriminis
772 1776 858 1851 hujus

63 1877 222 1940 Concisum
242 1889 393 1955 argentum
413 1877 444 1944 in
464 1878 564 1938 titulos
584 1878 730 1954 faciesque
750 1878 883 1940 minutas.

64 1981 229 2040 Occurrunt
248 1981 342 2039 nubes
363 1989 392 2038 et
411 1980 540 2055 fulgura:
569 1977 699 2038 “solvite
719 1979 844 2049 funem,”

64 2081 213 2142 Frumenti
233 2081 369 2141 dominus
389 2083 496 2140 clamat
515 2079 680 2157 piperisque
700 2079 828 2156 coempti
833 2103 842 2155 ;

64 2183 142 2241 “Nil
162 2184 243 2241 color
261 2181 309 2242 hic
329 2181 412 2254 coeli,
434 2181 476 2240 nil
495 2181 584 2240 fascia
603 2180 685 2258 nigra
704 2180 829 2241 minatur
834 2203 843 2255 3

63 2287 215 2347 Aestivum
235 2289 342 2347 tonat.”
383 2286 489 2356 Infelix
508 2287 564 2345 hac
584 2285 703 2346 forsitan
723 2285 787 2362 ipsa

64 2394 161 2452 Nocte
182 2393 268 2451 cadet
286 2390 383 2460 fractis
402 2391 541 2463 trabibus,
562 2391 710 2466 fluctuque
730 2400 877 2466 premetur
941 2455 943 2458 y

63 2498 203 2567 Obrutus,
224 2506 254 2555 et
274 2516 378 2555 zonam
398 2496 480 2556 laeva
500 2514 657 2571 morsuque
678 2494 797 2554 tenebit.

62 2598 122 2657 Sed
141 2598 224 2673 cujus
243 2597 320 2656 votis
338 2599 430 2669 modo
451 2618 511 2657 non
532 2599 683 2657 suffecerat
703 2617 812 2668 aurum,

67 2836 71 2843 '
96 2845 143 2896 279
169 2836 245 2890 longe
269 2837 348 2888 dune
373 2835 475 2896 renota]
508 2835 558 2883 Far
638 2847 692 2894 290,
710 2847 755 2895 291
779 2835 860 2896 tanti]
889 2835 1017 2884 Contrasts
1038 2835 1096 2883 with

63 2899 162 2962 beyond
173 2899 215 2946 the
226 2899 323 2946 world’s
334 2899 389 2947 end,
606 2901 721 2946 minutas.

95 2917 330 3023 monstrantem]
363 2963 466 3026 Hissing
482 2979 508 3012 as
523 2963 556 3012 he
639 2975 685 3024 293
702 2963 822 3022 woman]
839 2963 882 3010 He
896 2963 941 3011 has
955 2963 1027 3011 made
1038 2978 1098 3033 upa
1163 3012 1166 3018 ,

62 3027 367 3150 godilzmbiterltlllgtebluta]
398 3090 455 3139 Full
471 3106 550 3154 purse
605 3025 950 3150 larzgg4alblsblaally8ciltbgtlreof
962 3089 1054 3138 clouds.

63 3154 275 3212 Aluta,softened
285 3154 346 3203 with
357 3154 430 3204 alum.
638 3164 683 3216 295
671 3156 834 3216 5Aest1vum
850 3152 937 3216 tonat]
953 3152 1083 3226 Juvenal]
1077 3168 1098 3200 rs

96 3217 145 3279 284
160 3219 218 3278 1110]
235 3218 341 3267 Orestes.
606 3218 725 3279 seaking
742 3218 770 3265 of
783 3217 825 3266 the
843 3218 1055 3265 Mediterranean:
1072 3216 1097 3263 in

76 3312 77 3316 =
95 3281 144 3331 286
160 3283 216 3342 nto]
234 3282 308 3345 Ajax.
606 3233 720 3343 llbgland
738 3297 844 3329 summer
863 3282 883 3328 is
901 3281 942 3328 the
962 3280 1020 3342 only
1039 3280 1098 3327 time

96 3345 144 3407 287
159 3345 409 3406 mma-noemia]
439 3346 554 3394 Destruc·
605 3346 677 3394 when
691 3361 729 3393 we
743 3354 829 3409 expect
843 3361 858 3392 a
873 3345 965 3392 serious
981 3344 1097 3392 thunder·

63 3410 114 3459 tive
124 3411 207 3458 mania
217 3426 267 3458 was
278 3425 325 3458 one
337 3410 365 3458 of
378 3410 419 3458 the
431 3424 555 3458 common·
605 3417 689 3458 storm

63 3481 102 3523 est
112 3474 176 3537 legal
188 3482 247 3522 tests
257 3474 306 3522 of
299 3473 404 3536 rnsanity
415 3481 440 3520 at
453 3475 539 3521 Rome.
637 3482 684 3533 297
700 3473 801 3532 zonam]
813 3471 864 3520 Out
872 3471 901 3519 of
908 3471 941 3520 all
951 3471 990 3519 his
997 3469 1095 3529 wealth,

97 3537 144 3598 289
170 3542 264 3586 tabula
284 3541 455 3592 dlstlncultnr
475 3536 555 3597 unda]
604 3536 713 3595 μάλιστα
733 3539 784 3594 μέν,
807 3536 839 3584 he
859 3535 909 3582 will
929 3536 960 3583 be
980 3535 1098 3584 drowned

65 3603 90 3649 Α
101 3617 267 3666 consequence
278 3601 307 3649 of
314 3601 462 3663 overlading,
474 3600 556 3663 bring·
604 3601 713 3662 clinging
731 3607 757 3648 to
776 3600 814 3648 his
835 3615 941 3662 money,
964 3599 984 3645 εἰ
1006 3600 1032 3648 δὲ
1052 3597 1095 3657 μή,

64 3666 108 3727 ing
133 3667 176 3716 the
203 3665 266 3715 deck
292 3665 373 3714 below
402 3665 444 3714 the
470 3671 555 3714 water·
604 3664 825 3725 hewillbeabeg
824 3679 874 3725 gar.

64 3730 121 3779 line
496 3761 499 3769 ·
637 3725 685 3788 298
700 3727 758 3790 Sed]
777 3679 855 3791 Stayga,
857 3727 974 3788 theman,
986 3725 1058 3784 8ι2·
1051 3741 1098 3776 re
