2512 4154
385 172 387 178 ’
460 171 663 241 -SATIRA
679 171 785 244 ixrv.
872 190 876 197 '

118 331 292 394 Cuniculoz·
308 353 396 411 quem
417 332 441 394 si
460 353 588 408 revoces,
609 334 765 396 subsistere
784 337 885 410 nescit,

117 438 156 500 Et
176 446 206 497 te
225 448 374 498 contemto
393 438 501 515 rapitur
519 438 663 515 metisque
683 439 797 501 relictis.

118 542 215 601 Nemo
235 541 305 602 satis
324 542 416 603 credit
435 553 548 603 tantum
568 544 744 620 delinquere,
767 556 908 621 quantum

117 643 282 704 Permittas:
309 646 385 705 adeo
404 644 556 722 indulgent
576 643 632 704 sibi
650 645 736 705 latius
756 645 819 724 ipsi.

117 747 217 822 Quum
236 748 309 809 dicis
327 749 434 826 juveni,
456 751 574 809 stultum
595 747 645 826 qni
664 751 756 809 donet
775 749 879 823 amico,

112 839 176 924 ¹Qui
195 861 393 927 paupertatem
413 855 490 912 levet
509 853 679 928 attollatque
699 852 854 929 propinqui
858 875 869 927 3

116 958 155 1015 Et
174 955 297 1033 spoliare
317 959 406 1017 doces
427 969 457 1017 et
476 957 709 1016 circumscribere
729 967 758 1016 et
778 957 859 1017 omni

116 1061 245 1122 Crimine
264 1061 377 1122 divitias
397 1061 552 1138 acquirere,
574 1081 695 1138 quarum
715 1081 796 1121 amor
816 1061 846 1120 in
867 1072 904 1135 te,

116 1167 249 1240 Quantus
269 1177 330 1226 erat
348 1146 636 1247 patriae⁷Deciorum
656 1165 686 1224 in
706 1176 832 1242 pectore,
854 1177 995 1243 quantum

70 1304 72 1309 ,
116 1266 225 1327 Dilexit
244 1268 370 1341 Thebas,
392 1267 417 1327 si
437 1268 560 1328 Graecia
578 1288 655 1341 vera,
677 1272 872 1329 Menoeceus:

115 1370 152 1427 In
171 1387 294 1445 quorum
315 1368 400 1429 sulcis
420 1369 549 1446 legiones
568 1370 705 1430 dentibus
725 1369 827 1446 anguis

115 1474 191 1532 Cum
211 1471 319 1550 clypeis
339 1482 503 1544 nascuntur,
525 1484 555 1532 et
574 1472 690 1532 horrida
709 1473 787 1531 bella
806 1483 962 1548 capessunt

114 1575 272 1649 Continuo,
293 1587 432 1653 tanquam
452 1587 481 1636 et
501 1575 620 1636 tubicen
640 1576 791 1636 surrexerit
810 1583 878 1638 una

114 1682 192 1756 Ergo
211 1679 317 1756 ignem,
339 1683 421 1756 quus
441 1680 580 1740 scintillas
600 1681 663 1758 ipse
683 1681 799 1755 dedisti,

112 1783 297 1860 Flagrantem
316 1784 373 1842 late
394 1793 423 1842 et
442 1783 601 1859 rapientem
622 1795 727 1842 cuncta
745 1782 867 1844 videbis
992 1856 995 1863 ἱ

112 1888 178 1946 Nec
198 1884 252 1945 tibi
271 1896 403 1962 parcetur
421 1884 535 1958 misero,
556 1885 758 1962 trepidumque
778 1885 945 1964 magistrum

113 1991 150 2048 ln
170 2007 261 2048 cavea
280 2007 387 2064 magno
406 1987 520 2047 fremitu
540 1990 588 2048 leo
608 1990 690 2047 tollet
709 1991 849 2048 alumnus.

150 2092 232 2151 Nota
250 2082 461 2150 mathematicis
480 2090 593 2168 genesis
613 2102 675 2151 tua:
703 2093 757 2152 sed
776 2112 863 2169 grave
883 2085 980 2154 tardas

112 2193 288 2269 Exspectare
308 2195 398 2254 colus.
439 2193 573 2254 Morieris
593 2195 716 2256 stamine
735 2197 867 2277 nondum

110 2299 253 2376 Abrupta.
293 2303 360 2377 Jam
380 2320 458 2360 nunc
478 2303 577 2361 obstas
597 2313 627 2362 et
646 2313 715 2362 vota
733 2302 861 2375 moraris,

110 2404 177 2478 Jam
197 2413 312 2479 torquet
329 2404 465 2478 juvenem
487 2405 574 2481 longa
594 2415 623 2464 et
643 2404 758 2464 cervina
778 2417 920 2466 senectus.

111 2504 201 2566 Ocius
221 2505 405 2583 Archigenen
424 2526 531 2583 quaere
549 2518 637 2584 atque
658 2528 722 2568 eme
741 2512 823 2585 quod
844 2509 1029 2572 Mithridates

111 2607 293 2683 Composuit,
314 2607 339 2667 si
357 2607 401 2668 vis
420 2609 507 2669 aliam
527 2611 682 2686 decerpere
701 2612 789 2670 ficum

140 2771 199 2832 229]
232 2773 286 2820 Has
302 2787 335 2820 no
354 2771 498 2836 intelligible
515 2773 593 2837 place.
640 2779 680 2823 ‘on
691 2790 738 2822 one
748 2775 863 2833 instance,
877 2777 977 2824 ismore
993 2776 1096 2825 suitable
1111 2785 1138 2826 to

109 2837 134 2884 Is
143 2835 262 2885 therefore
269 2837 371 2884 omitted
377 2838 402 2884 in
409 2838 501 2886 several
510 2838 596 2897 MSS,
646 2854 662 2886 a
672 2838 753 2887 whole
765 2847 866 2902 country
876 2839 936 2887 than
947 2856 962 2888 a
972 2841 1050 2903 single
1062 2849 1136 2889 town.

108 2901 152 2949 bnt
162 2901 183 2948 is
194 2916 209 2948 a
220 2900 265 2948 sair
275 2901 331 2960 line,
344 2909 389 2949 not
399 2901 449 2949 like
459 2917 475 2948 a
485 2901 558 2964 gloss.
647 2914 701 2962 242,
717 2910 747 2951 tr.
761 2904 864 2951 “where
875 2904 962 2952 armies
973 2905 1056 2967 sprin'g
1067 2921 1100 2967 up
1112 2905 1137 2952 in

119 2975 188 3075 cf233
198 2964 319 3076 ¹lengum]
344 2964 378 3013 So
395 2964 438 3023 far,
457 2980 490 3014 no
506 2965 599 3014 further
647 2966 689 3078 gre
701 2966 801 3015 furrows
816 2967 879 3014 from
890 2983 905 3016 a
915 2968 1033 3032 serpent's
1044 2967 1137 3025 teeth,''

143 3043 211 3076 ‚xun
278 3043 322 3076 n..
671 3045 691 3077 c.

110 3028 118 3095 ('
139 3103 188 3152 234
204 3039 277 3154 oded]
290 3030 325 3140 Sb
335 3090 460 3155 certainly.
679 3092 726 3153 248
737 3094 812 3154 Note]
829 3094 879 3141 For
893 3110 954 3156 your
968 3110 1013 3142 son
1029 3093 1073 3142 has
1083 3094 1136 3142 told
1160 3100 1166 3119 ¹

140 3165 188 3216 237
206 3156 432 3216 circumscribere]
459 3156 498 3204 To
526 3156 599 3205 cheat
647 3157 714 3204 them
731 3173 757 3205 as
777 3174 792 3205 a
811 3158 876 3205 basis
899 3158 928 3205 of
948 3158 1137 3206 calculation—

108 3219 195 3267 wards.
646 3221 829 3280 Mathematicin
844 3221 879 3269 lit.
891 3222 950 3269 wise
967 3237 1031 3276 men,
1048 3221 1136 3269 almost

140 3295 195 3342 241,
207 3281 264 3344 242]
298 3283 361 3331 Bear
375 3298 409 3331 on
422 3283 464 3331 the
479 3283 563 3340 doubt,
577 3283 601 3331 si
647 3285 737 3346 always
762 3287 821 3333 used
844 3284 872 3332 of
897 3285 1054 3346 astrologers;
1074 3300 1101 3332 so
1120 3302 1136 3333 a

111 3346 208 3394 Graecia
219 3349 434 3408 vera.-Quarum,
448 3347 489 3396 the
503 3353 598 3395 antece·
647 3349 766 3410 ‘cunning
777 3346 844 3396 man'
856 3363 884 3395 or
894 3364 990 3395 woman
1002 3349 1027 3395 in
1038 3349 1136 3396 Devon

108 3410 166 3457 dent
187 3410 208 3458 is
229 3411 401 3468 Thebanamm,
419 3410 482 3458 from
503 3411 596 3470 Thebas,
647 3410 710 3458 shire
722 3427 804 3459 means
815 3411 914 3459 awhite
925 3411 1005 3459 witch.

107 3488 135 3521 or
146 3473 226 3522 rather
244 3475 395 3533 Graecarum,
408 3473 471 3522 from
490 3475 596 3531 Graecia,
678 3484 723 3536 251
741 3474 855 3534 cervina]
872 3474 934 3536 3436
948 3490 1024 3537 years,
1037 3475 1135 3524 accord·

109 3552 135 3584 as
159 3539 258 3586 Graecia
277 3538 297 3585 is
314 3553 405 3596 nearer,
425 3553 452 3585 as
470 3537 598 3585 otherwise
646 3540 689 3600 ing
700 3546 725 3586 to
738 3538 841 3586 Hesiod.

107 3600 166 3649 such
177 3608 275 3664 strange
288 3603 374 3650 stories
388 3601 470 3650 would
484 3601 599 3650 discredit
677 3611 725 3664 252
736 3600 903 3660 Archigenen]
920 3600 958 3649 Cf.
972 3601 1022 3650 xiii.
1034 3599 1073 3662 98,
1086 3617 1109 3651 n.

107 3664 213 3723 Thebes,
223 3672 266 3713 not
277 3665 384 3724 Greece;
400 3664 541 3712 andasthe
552 3665 596 3712 im·
678 3674 732 3726 253,
750 3666 807 3727 254]
839 3665 922 3712 “Lest
936 3681 985 3727 you
1000 3665 1088 3716 should
1103 3666 1136 3714 be

106 3728 258 3791 putationof
264 3744 281 3777 a
290 3734 402 3776 constant
410 3729 515 3792 practice
522 3728 597 3777 based
645 3728 764 3792 poisoned
776 3731 801 3776 in
812 3728 881 3777 these
892 3729 1006 3779 innocent
1016 3729 1098 3791 things
1106 3727 1134 3789 ;”
