2512 4154
499 174 677 244 SATIRA
707 178 755 247 X.
856 177 871 287 ἰ

105 335 267 410 Fluctibus,
289 356 325 396 ac
344 339 426 397 tarda
445 357 498 413 per
518 339 609 399 densa
629 341 770 400 cadavera
789 354 894 418 prora'

107 443 174 500 Has
195 441 281 500 toties
302 452 407 518 optata⁴
423 442 518 519 exegit
538 444 628 520 gloria
647 449 775 521 poenas!

149 546 225 603 “Da
245 544 370 620 spatium
390 544 474 618 vitae,
495 549 603 605 multos
624 548 670 619 da,
690 547 811 624 Jupiter,
833 556 962 612 annos1”

108 651 180 708 Hoc
200 660 280 708 recto
300 650 389 720 vultu,
411 651 505 708 solum
526 651 583 709 hoc
604 661 633 709 et
652 651 776 726 pallidus
797 663 889 729 optas.

107 753 166 812 Sed
187 771 274 828 quam
295 751 440 811 continuis
460 763 490 811 et
509 752 624 827 quantis
644 754 731 828 longa
751 764 884 814 senectus
1086 780 1141 836 190
1235 775 1237 778 ·

109 860 200 916 Plena
218 856 320 917 malis!
344 859 531 918 ·'Deformem
551 869 580 917 et
599 869 705 918 tetrum
725 870 793 918 ante
813 860 912 920 omnia
931 865 1041 922 vultum
1156 850 1157 853 Ἴ

109 960 346 1037 Dissimilemque
366 960 419 1033 sui,
440 961 602 1020 deformem
620 978 674 1036 pro
695 970 762 1019 cute
782 963 912 1039 pellem,v

110 1068 340 1142 Pendentesque
360 1085 449 1142 genas
470 1077 500 1124 et
520 1067 592 1125 tales
612 1064 710 1141 aspice
729 1085 822 1142 rugas,
872 1106 874 1109 .

109 1170 226 1242 Quales,
248 1168 419 1227 umbriferos
438 1168 489 1227 ubi
509 1169 612 1244 pandit
632 1170 785 1228 Thabraca
806 1171 903 1245 saltus,

109 1274 147 1330 In
167 1273 264 1331 vetula
284 1271 387 1347 scalpit
404 1273 465 1348 jam
486 1282 577 1331 mater
596 1271 679 1331 simia
698 1274 800 1333 bucoe.

110 1375 236 1434 Plurima
256 1385 323 1435 sunt
341 1377 481 1451 juvenum
501 1376 684 1436 discrimina:
711 1377 837 1453 pulcrior
856 1377 904 1438 ille

109 1480 189 1549 Hoc,
211 1488 299 1554 atque
318 1476 367 1536 ille
386 1478 444 1536 alio
453 1499 462 1551 ;
482 1480 606 1536 multum
625 1477 673 1537 hic
692 1477 837 1538 robustior
856 1479 925 1542 illo:
999 1488 1000 1493 ’

72 1593 76 1598 ·
109 1583 180 1639 Una
200 1599 302 1639 senum
322 1579 418 1654 facies,
440 1600 507 1639 cum
527 1600 600 1639 voce
620 1581 772 1639 trementia
791 1584 929 1656 membra,

109 1688 149 1743 Et
167 1687 228 1760 jam
248 1687 312 1744 leve
332 1695 420 1760 caput
439 1684 607 1760 madidique
627 1684 747 1743 infantia
766 1664 851 1746 nasi.⁴

109 1788 298 1863 Frangendus
318 1786 423 1846 misero
443 1786 558 1864 gingiva
577 1787 661 1863 panis
681 1786 801 1848 inermi:

110 1894 215 1966 Usque
234 1892 310 1950 adeo
330 1890 424 1967 gravis
443 1890 526 1950 uxori
546 1890 679 1968 natisque
699 1891 821 1967 sibique,

109 1996 154 2052 Ut
174 1993 314 2070 captatori
333 2004 450 2054 moveat
469 1994 584 2053 fastidia
604 1997 707 2055 Cosso.

110 2100 180 2157 Non
201 2099 305 2184 eadem
324 2096 385 2157 vini
405 2109 493 2174 atque
513 2097 579 2169 cibi,
601 2108 734 2174 torpente
754 2099 860 2174 palato,

109 2192 338 2287 Gandiaznj'nam
358 2199 451 2260 coitus
470 2202 531 2276 jam
552 2203 639 2277 longa
659 2198 768 2260 oblivio
777 2222 786 2273 3
813 2202 859 2259 vel
880 2198 905 2260 si

110 2303 242 2377 Coneris,
262 2305 341 2379 jacet
362 2303 481 2380 exiguus
501 2324 568 2363 cum
588 2305 695 2365 ramice
714 2325 819 2364 nervus

110 2409 156 2478 Et,
179 2406 311 2483 quamvis
331 2417 393 2467 tota
413 2409 546 2483 palpetur
564 2420 659 2482 nocte,
680 2409 797 2485 jacebit.

109 2515 195 2570 Anne
215 2511 326 2588 aliquid
346 2531 460 2587 sperare
480 2512 577 2588 potest
596 2515 670 2573 haec
690 2513 814 2590 inguinis
834 2512 912 2590 aegri

110 2616 260 2676 Canities?
287 2615 379 2692 quid?
407 2619 487 2693 quod
507 2617 610 2677 merito
630 2629 765 2697 suspecta
784 2617 876 2678 libido
898 2628 949 2689 est,

111 2721 194 2795 Quae
215 2722 360 2779 Venerem
381 2722 496 2779 affectat
517 2720 579 2779 sine
599 2720 715 2780 viribus,
723 2686 746 2813 Jd
756 2720 866 2796 Aspice
885 2721 974 2797 partis

731 2786 741 2811 :l

143 2875 200 2937 187]
217 2875 256 2924 Cf.
265 2885 304 2936 97,
313 2875 352 2935 98,
363 2885 498 2937 243-245,
507 2875 601 2938 though
746 2877 820 2924 Hanc
830 2876 899 2932 mihi,
910 2876 950 2924 vel
960 2845 1040 2925 acuta¹

109 2940 176 2989 there
189 2941 231 2988 the
242 2940 367 3002 subjectis
382 2940 512 2987 continued
529 2942 602 3001 again
715 2941 742 2989 Si
753 2941 852 2988 sedeam
864 2956 941 3000 cruce,
955 2938 1074 2988 sustine.”

109 3004 171 3052 after
192 3005 235 3052 the
258 3003 357 3066 general
378 3002 503 3051 reflection
522 3005 602 3052 which
686 3047 713 3096 ¹9
714 3051 730 3095 4
746 3036 886 3095 mm]
904 3037 929 3084 13
946 3052 978 3084 on
993 3036 1034 3084 the
1048 3042 1143 3084 easrem

109 3076 268 3192 suffit&
304 3131 424 3179 “ThiSis
438 3146 499 3193 ‘¹⁰¹³
514 3102 601 3192 prayer
650 3100 925 3226 bopqqqsqunqpplilqie}
950 3163 1021 3210 looks
1048 3161 1099 3211 like
1128 3178 1144 3210 a

110 3195 212 3318 &0311ng
213 3195 389 3322 tihisXEedodd
390 3194 603 3320 qqunpsrqcyeerthlq
650 3227 825 3353 {erglffid‘r’ffi
836 3242 932 3274 ’ΝΟΜ
943 3242 970 3274 ²⁵
982 3242 1042 3274 ⁵⁰⁰ss
1056 3242 1083 3274 ³⁵
1100 3225 1143 3274 She

110 3323 217 3370 sickness
233 3322 311 3371 also.'’
345 3322 383 3371 Cf.
401 3338 434 3369 on
457 3321 498 3369 the
523 3322 603 3370 desire

111 3387 147 3434 for
157 3387 199 3435 life
210 3385 350 3434 Maecenas'
361 3401 474 3434 verses—
651 3355 741 3466 1ηέῗὶῗέ
749 3365 805 3465 4:332
813 3353 1144 3479 ἓῖὲξὲἔζὲιξοᾞὲἒῖξὲἓξ

152 3484 292 3533 “Debilem
302 3485 376 3534 facito
387 3500 468 3543 manu,
651 3498 692 3529 are
702 3481 777 3544 badly
788 3481 829 3528 off.

207 3549 323 3596 Debilem
331 3550 401 3612 pede,
413 3564 483 3596 coxa.
520 3605 522 3611 Α
687 3544 741 3605 198]
770 3544 808 3593 Cf.
827 3553 881 3604 227,
904 3543 986 3592 which
1011 3544 1079 3607 gives
1102 3544 1146 3594 the

174 3613 259 3660 Tuber
270 3614 366 3661 adstrue
383 3613 520 3674 gibber-um,
563 3672 565 3676 Α
651 3610 744 3671 variety
754 3609 779 3655 in
789 3608 890 3656 disease.

207 3676 514 3739 Lubricosquatedentes·
684 3686 737 3729 201,
763 3673 820 3731 202]
851 3672 918 3720 “He
941 3670 962 3719 is
986 3671 1045 3720 such
1064 3688 1080 3720 a
1102 3672 1144 3721 de·

174 3741 234 3788 Vita
244 3742 304 3788 dum
315 3748 432 3804 superest,
446 3741 508 3788 bene
520 3746 564 3795 est,
652 3737 745 3799 graded
761 3735 877 3783 nuisance
893 3742 920 3785 to
936 3736 974 3784 his
992 3735 1078 3800 family
1095 3736 1146 3788 and

198 3853 223 3903 S·
235 3852 259 3916 J·
1042 3848 1059 3913 'l
