2512 4154
377 214 379 221 ι
419 217 421 220 .
487 163 667 228 SATIRA
693 164 786 229 xvl.
811 162 889 240 essf„
977 162 1015 223 (Ji
1101 179 1163 245 1'72n:

127 323 238 397 Contra
260 321 404 381 fortunam
427 318 529 378 armati
544 330 714 396 contraque
732 321 952 396 pudorem

167 421 298 482 Praemia
320 441 399 480 nunc
419 421 476 488 alia
498 433 586 499 atque
610 422 666 481 alia
690 425 886 482 emolumenta
907 433 1049 484 notemus
1120 445 1136 497 3
1141 429 1164 498 3}

126 531 386 588 Sacramentorum.
429 529 600 588 Convallem
624 527 695 586 ruris
717 527 789 586 aviti
869 550 872 557 >

126 634 283 709 Improbus
306 642 356 690 aut
380 651 515 709 campum
539 630 610 689 mihi
634 630 659 689 si
681 629 793 689 vicinus
815 629 957 690 ademit*

127 737 168 800 Et
189 754 303 794 sacrum
327 734 429 794 effodit
450 735 548 796 medio
569 735 610 793 de
628 732 721 793 limite
742 752 851 806 saxum,

127 841 217 914 Quod
238 859 305 902 mea
325 860 392 898 cum
405 841 506 916 patulo
530 838 620 897 coluit
641 840 706 914 puls
728 821 825 896 annua
846 836 926 912 libo,-

127 941 253 1001 Debitor
274 951 324 999 aut
347 950 458 999 sumtos
481 940 574 1016 pergit
595 957 655 999 non
679 940 801 998 reddere
822 959 966 1014 nummos,

125 1045 211 1105 Vana
234 1044 403 1122 supervacui
424 1044 524 1104 dicens
546 1041 735 1120 chirographa
754 1043 842 1120 ligni:

124 1148 349 1225 ,Exspectandus
373 1146 434 1218 erit,
456 1145 505 1222 qui
527 1145 598 1205 lites·
614 1146 740 1218 inchoet,
765 1165 858 1206 armus

125 1249 230 1310 Totius
251 1249 369 1327 populi:
393 1250 445 1308 sed
467 1259 536 1308 tunc
558 1268 675 1324 quoque
695 1248 774 1308 mille
797 1250 917 1310 ferenda

125 1351 244 1426 Taedia,
268 1351 347 1410 mille
368 1370 484 1425 morae3
508 1341 594 1408 t'oties
616 1349 751 1408 subsellia
772 1359 885 1426 tantum
1168 1415 1173 1426 ¹.

125 1441 315 1527 Sternuntur,
338 1462 400 1510 tum
421 1452 548 1530 facundo
569 1462 698 1526 ponente
720 1453 873 1522 lacernas-
916 1501 920 1509 .
974 1505 978 1513 .
1016 1507 1017 1510 ,
1081 1499 1082 1503 ,
1117 1484 1119 1487 ·
1167 1503 1169 1507 ,

125 1556 274 1629 Caedicio,
300 1540 329 1616 e't
351 1559 446 1615 Fusco
466 1558 526 1632 jam
547 1545 737 1629 micturiente,
761 1557 853 1635 parati

125 1660 326 1737 Digredimur:
348 1661 485 1736 lentaque
508 1659 562 1719 sori
582 1680 745 1737 pugnamus
767 1681 860 1722 arena

123 1768 180 1825 Ast
202 1764 265 1837 illis,
291 1767 365 1841 quos
386 1783 466 1822 arma
486 1775 586 1840 tegunt
608 1777 637 1823 et
659 1767 771 1824 balteus
793 1767 893 1840 ambit,

125 1871 215 1944 Quod
236 1869 374 1946 placitum
395 1880 439 1928 est
462 1867 539 1944 ipsis,
565 1879 725 1944 praestatur
747 1878 861 1946 tempus
883 1871 995 1948 agendi,

124 1976 191 2036 Nec
213 1994 258 2034 res
279 1973 409 2034 atteritur
431 1975 519 2049 longo
542 1973 702 2060 sufflamine
726 1973 791 2032 litis.

163 2081 238 2139 Solis
260 2088 408 2155 praeterea
429 2076 556 2136 testandi
580 2077 718 2136 militibus
741 2079 789 2152 jus

73 2183 78 2187 ’
123 2183 200 2243 Vivo
224 2193 305 2258 patre
327 2183 430 2240 datur:
452 2174 527 2253 nam,
554 2200 629 2256 quae
652 2191 718 2239 sunt
741 2191 823 2257 parta
844 2182 944 2243 labore

86 2341 89 2345 .
125 2286 255 2358 Militiae,
281 2284 390 2361 placuit
409 2303 470 2343 non
494 2303 557 2343 esse
581 2283 611 2341 in
634 2303 755 2359 corpore
776 2303 889 2356 census,

125 2390 221 2448 Omne
245 2395 325 2444 tenet
346 2384 429 2459 cujus
452 2384 580 2460 regimen
604 2394 691 2458 pater.
736 2385 813 2460 Ergo
838 2386 985 2444 Coranum

124 2488 275 2566 Signorum
299 2485 444 2557 comitem,
467 2495 684 2559 castrorumque
706 2503 773 2542 aera
793 2496 961 2558 merentem,
1117 2505 1152 2565 55
1239 2485 1241 2488 ’

147 2701 179 2752 34
194 2689 330 2751 pudorem]
348 2689 391 2739 He
410 2687 462 2738 will
482 2687 572 2754 appeal
588 2693 616 2738 to
667 2685 750 2737 bench
768 2685 913 2746 cushioned,
935 2693 962 2737 to
983 2687 1016 2738 be
1038 2705 1101 2746 sure,
1125 2690 1169 2738 but

113 2753 152 2803 his
162 2755 267 2813 honour,
281 2755 332 2803 and
343 2755 396 2803 face
406 2770 456 2817 you
467 2754 550 2803 down.
669 2760 762 2816 empty.

146 2818 177 2881 38
205 2820 321 2881 eaerum]
349 2821 392 2867 An
413 2819 465 2868 idol
486 2811 531 2868 has¹
553 2819 617 2867 been
699 2818 731 2879 46
747 2815 839 2881 Fusco]
863 2817 918 2867 Has
940 2835 956 2868 a
976 2818 1090 2868 drunlren
1112 2820 1170 2882 wile

111 2884 210 2934 defined
233 2901 260 2934 as
279 2901 295 2933 a
316 2884 482 2948 compromise
502 2885 616 2933 between
669 2881 719 2945 (xii
737 2885 800 2946 115l,
815 2883 864 2931 and
876 2883 975 2943 dnnks
991 2884 1097 2934 hence'
1072 2902 1107 2948 ,J
1120 2900 1166 2944 ιιι,

113 2967 128 2998 a
150 2949 248 3014 symbol
269 2950 319 2998 and
339 2966 355 2998 a
373 2949 457 2998 setich.
493 2950 613 3008 Hermae,
668 2964 694 2996 ιιι
705 2949 778 2996 order
788 2955 814 2996 to
826 2956 887 2997 start
898 2948 951 2997 sarr

113 2968 235 3072 Termini,
270 3014 363 3078 Priapi,
396 3029 461 3063 were
493 3013 617 3078 probably
699 3014 976 3073 47]lenta—arona]‘
979 3013 1041 3062 We
1052 3013 1134 3061 findit
1147 3013 1168 3062 is

114 3096 200 3129 nearer
211 3079 320 3129 fetiches.
668 3077 729 3126 slow
738 3077 860 3140 fighting·
854 3095 879 3126 ιιι
891 3079 933 3127 the
944 3078 996 3126 lists
1005 3079 1034 3127 of
1042 3078 1084 3127 the
1095 3078 1168 3127 law.'’

147 3157 178 3207 39
199 3145 303 3205 patulo]
330 3143 394 3192 Flat.
432 3142 579 3206 Originally,
598 3142 619 3191 it
700 3143 760 3206 52]‘
764 3143 910 3192 Castrense
921 3142 1043 3206 peculium
1056 3152 1093 3192 est
1102 3144 1170 3206 quod

113 3226 165 3259 was
176 3210 308 3259 forbidden
324 3216 351 3258 to
363 3207 424 3258 offer
439 3206 534 3272 bloody
527 3207 617 3257 osser·
668 3208 838 3271 aparentibus
855 3209 896 3257 vel
914 3208 1023 3271 cognatis
1041 3208 1067 3255 in
1081 3209 1170 3258 militia

114 3291 169 3338 ings
181 3284 207 3324 to
219 3274 358 3323 Terminus
667 3272 787 3320 donatum
810 3280 856 3333 est,
878 3272 918 3322 vel
940 3272 1036 3336 quod
1020 3289 1083 3348 ipse
1104 3273 1170 3323 filius

146 3341 189 3402 41]
207 3340 336 3404 Repeated
348 3338 446 3388 from
422 3355 473 3387 xm
492 3347 544 3400 137.
668 3337 802 3386 familias
796 3354 822 3386 ιιι
844 3339 933 3387 militia
954 3337 1067 3402 acquisiit
1090 3341 1166 3402 quod,

147 3419 188 3466 42,
208 3406 281 3468 43]‘
284 3405 313 3453 ‘I
334 3411 400 3453 must
419 3403 478 3452 wait
497 3410 523 3452 to
542 3399 618 3465 begin
668 3419 715 3451 nisi
709 3403 851 3462 militaret
865 3403 1027 3466 acquisiturus
1044 3419 1094 3452 non
1111 3405 1169 3453 suis·

115 3487 158 3534 my
169 3486 241 3519 cause
252 3470 290 3519 ior
301 3470 344 3519 the
354 3485 422 3534 year,
432 3468 573 3517 whatever
567 3470 604 3516 rt
597 3483 619 3516 rs
668 3475 720 3516 set.
738 3483 795 3515 nam
813 3468 880 3532 quod
898 3474 950 3516 erat
969 3476 994 3516 et
1011 3468 1064 3517 sine
1080 3471 1170 3518 militia

115 3537 169 3584 that
180 3537 268 3599 begins
279 3535 420 3599 everybody
431 3531 528 3583 else'.”s
668 3533 839 3596 acquisiturus,
858 3532 884 3580 id
901 3533 1027 3595 peculium
1045 3534 1098 3598 ejus
1117 3551 1169 3584 cas·

146 3601 191 3664 45]
218 3601 274 3649 The
301 3601 432 3649 advocates
460 3614 501 3647 are
528 3597 619 3646 almost
667 3605 749 3646 trense
760 3614 811 3646 non
823 3595 880 3646 est
898 3597 966 3660 (Dig.
981 3598 1040 3646 xlix.
1055 3600 1104 3661 17).

115 3611 200 3729 ready,
215 3665 303 3728 taking
319 3665 357 3714 ofs
369 3665 434 3715 their
450 3679 575 3727 wrappers
592 3670 619 3711 to
702 3672 734 3725 54
750 3659 937 3770 corentini]
904 3662 982 3761 From
992 3663 1093 3715 Horace
1105 3665 1167 3725 (Sat.

105 3731 185 3782 'shew
201 3730 245 3782 the
261 3737 335 3795 toga,
334 3729 425 3780 when
426 3727 504 3795 they
509 3727 562 3778 find
577 3728 624 3778 the
664 3737 708 3777 ..ιι
716 3743 747 3776 v..
754 3726 867 3793 57)
1054 3759 1058 3769 .
