2512 4154
490 180 669 256 surum
699 186 760 276 xr.
806 185 809 191 ’

1064 193 1150 279 κιον

105 351 268 424 Nunquam
287 345 385 406 animo
406 346 727 423 pretiisobstantibus:
747 345 866 406 interius
887 345 912 406 si
1106 359 1141 422 15

104 451 259 522 Attendas',
281 448 372 525 magis
393 440 453 508 illa'
459 451 570 525 juvant,
593 469 668 528 quae
687 449 776 526 pluris
802 459 943 509 emuntur.

107 554 186 628 E1go
205 552 285 610 haud
304 550 422 610 difficile
444 561 487 610 est
507 551 662 627 perituram
682 569 827 610 arcessere
848 569 1000 623 summam,

106 656 256 716 Lancibus
276 655 419 733 oppositis
439 656 487 715 vel
506 654 605 713 matris
626 654 752 730 imagine
771 655 871 726 fracta,

105 764 148 821 Et
165 760 385 838 quadringentis
403 760 531 820 nummis
551 759 672 819 condire
690 740 827 835 gulosum

107 867 220 928 Fictile.
261 867 310 926 Sic
330 864 451 926 veniunt
470 865 509 923 ad
529 862 715 921 miscellanea
733 861 804 922 ludi.

107 974 210 1032 Refert
229 989 307 1047 ergo,
329 969 394 1046 quis
413 970 488 1031 haec
508 969 612 1027 eadem
631 978 731 1043 paret:
752 967 783 1027 in
804 967 906 1028 Rutilo
925 988 994 1028 nam

107 1073 235 1135 Luxuria
255 1084 308 1146 est,
329 1073 361 1132 in
381 1071 521 1132 Ventidio
541 1072 688 1132 laudabile
708 1091 818 1132 nomen

107 1178 202 1238 Sumit
222 1188 252 1238 et
270 1197 289 1236 a
309 1196 399 1236 censu
418 1178 527 1234 famam
547 1175 641 1236 trahit
685 1177 772 1234 Illum
793 1196 848 1253 ego
867 1176 931 1252 jure

108 1280 286 1358 Despiciam,
310 1280 360 1357 qui
380 1280 442 1354 scit,
465 1291 575 1356 quanto
597 1281 748 1340 sublimior
766 1283 850 1340 Atlas

108 1385 254 1447 Omnibus
274 1384 305 1444 in
326 1384 420 1461 Libya
440 1384 478 1443 sit
498 1384 655 1458 montibus,
676 1383 726 1444 hic
746 1395 844 1444 tamen
865 1385 944 1446 idem

107 1492 237 1567 ignoret,
258 1498 400 1565 quantum
419 1488 523 1546 ferrata
542 1486 631 1547 distet
651 1489 689 1546 ab
710 1507 778 1548 arca

57 1596 60 1598 ’
108 1593 253 1653 Sacculus.
297 1594 323 1651 E
343 1592 428 1651 coelo
449 1590 601 1651 descendit
620 1589 706 1670 γνῶθι
729 1589 854 1665 σεαυτόν,

109 1695 273 1772 Figendum
294 1693 465 1781 etgmemori
485 1694 668 1752 tractandum
689 1705 815 1770 pectore,
838 1694 899 1754 sive

109 1798 287 1877 Conjugium
307 1818 428 1876 quaeras
449 1800 496 1858 vel
517 1797 590 1859 sacri
610 1799 641 1858 in
661 1801 886 1875 partesenatus

109 1907 183 1964 Esse
203 1903 283 1976 velis,
308 1901 376 1983 (nec
395 1901 473 1962 enim
493 1902 613 1962 loricam
632 1902 728 1979 poscit
744 1903 866 1962 Achillis

108 2005 266 2077 Thersites,
287 2003 319 2064 in
339 2024 398 2081 qua
417 2025 449 2064 se
469 2007 640 2065 traducebat
661 2004 763 2065 Ulixes

108 2107 306 2198 Ancipitem);
327 2128 379 2169 seu
400 2121 431 2168 tu
454 2128 562 2185 magno
582 2108 748 2169 discrimine
769 2128 886 2168 causam

59 2212 62 2218 ’
110 2216 265 2291 Protegere
285 2216 411 2286 affectas
435 2224 464 2272 te
485 2215 612 2286 consule,
635 2211 684 2272 dic
705 2212 767 2284 tibi,
789 2212 854 2289 quis
875 2211 921 2285 sis,

109 2416 225 2481 appetite,
246 2416 295 2465 and
314 2432 342 2464 so
360 2432 375 2464 a
393 2415 514 2464 technical
529 2423 604 2464 name

109 2482 147 2531 lor
157 2483 199 2531 the
210 2479 262 2528 first
273 2496 375 2528 course.-

143 2543 183 2605 18]
224 2545 242 2570 ‘⁴
250 2545 367 2606 Pawning
388 2543 452 2591 their
474 2543 548 2606 plate,
573 2559 602 2590 or

109 2608 230 2671 breaking
242 2624 278 2672 up
290 2608 353 2656 their
367 2605 483 2656 mother's
494 2610 550 2656 bust
564 2608 603 2656 sor

109 2674 151 2722 old
162 2670 260 2722 silver.”
294 2671 346 2720 CL:

128 2762 213 2811 “Furi
245 2759 332 2810 villula
367 2767 451 2809 nostra
486 2775 537 2808 nou
569 2760 602 2808 ad

206 2824 292 2873 Austri

141 2891 229 2940 Fletus
256 2888 370 2952 opposita
397 2895 434 2937 est
464 2904 543 2951 neque
570 2889 602 2936 ad

66 2959 70 2970 “
206 2953 315 3011 Favoni3

141 3018 235 3068 Vemm
256 3017 289 3064 ad
309 3015 387 3064 millia
413 3015 553 3079 quindecim
578 3023 604 3065 et

206 3083 332 3130 ducentos.

141 3146 165 3196 0
185 3153 286 3195 ventum
303 3144 444 3193 horribilem
462 3150 534 3206 atque
551 3160 604 3207 pes·

205 3207 342 3258 tilentum.''
377 3208 441 3268 (Cat.
455 3208 531 3267 xxvi.)

142 3323 176 3358 20
189 3305 292 3370 fietile]
309 3308 360 3357 For
370 3308 413 3356 the
422 3307 490 3370 plate
500 3306 520 3355 is
531 3322 603 3368 gone.

110 3373 188 3421 -Ad
195 3373 345 3420 miscellanea
353 3372 413 3427 ludi,
423 3378 449 3419 to
461 3370 502 3418 the
512 3370 604 3433 gladia·

110 3438 169 3487 tor's
179 3451 252 3492 mess,
260 3437 341 3484 where
352 3436 386 3483 all
396 3434 545 3498 ingredients
553 3435 603 3483 and

112 3507 194 3564 guests
205 3515 247 3548 are
258 3499 421 3548 conlounded.

143 3577 172 3614 21
190 3564 290 3623 autho]
307 3564 331 3612 A
348 3578 410 3626 poor
425 3579 490 3622 man,
507 3578 534 3610 as
551 3563 603 3610 Ru·

110 3629 168 3678 tilae
178 3631 241 3691 (sup.
253 3644 276 3675 x.
289 3625 344 3687 294)
360 3627 381 3675 is
394 3642 409 3674 a
425 3642 487 3690 poor
497 3641 601 3675 woman.

105 3745 108 3750 ,
143 3707 174 3742 22
190 3694 324 3740 laudabile
345 3691 449 3756 nomen]
482 3706 533 3754 eg.
557 3691 604 3739 ele·

110 3758 202 3822 gantia.

683 2415 726 2477 25]
762 2417 809 2462 Hic
837 2416 887 2463 and
913 2418 982 2464 idem
1009 2416 1147 2480 emphasize

652 2485 740 2537 tamen,
753 2479 802 2526 and
818 2478 887 2528 leave
897 2480 942 2543 qui
953 2496 980 2528 as
995 2497 1062 2528 nom.
1074 2489 1100 2531 to
1111 2483 1147 2544 {g-

652 2549 733 2601 κονίη
749 2543 826 2591 hence
847 2544 889 2592 the
906 2544 999 2607 change
1017 2545 1046 2592 oi
1060 2547 1144 2595 mood.

654 2607 709 2654 The
718 2606 769 2654 first
779 2607 879 2655 relative
888 2608 968 2657 clause
977 2609 997 2658 is
1008 2608 1148 2673 adjectivalp

652 2671 694 2718 the
706 2671 796 2718 second
807 2671 895 2720 causal.
1134 2704 1136 2708 ·

684 2733 790 2795 28-34]
814 2735 869 2784 The
885 2736 1083 2786 constructionis
1099 2737 1147 2787 less

653 2796 816 2860 symmetrical
832 2800 892 2848 than
907 2799 928 2848 is
943 2801 1013 2850 usual
1024 2802 1050 2849 in
1061 2802 1143 2862 Latin,

653 2862 713 2909 each
732 2863 824 2910 branch
843 2863 871 2910 os
887 2864 929 2912 the
947 2865 1051 2927 protasis
1071 2865 1116 2913 has
1131 2881 1147 2914 a

653 2933 763 2988 separate
774 2927 896 2989 apodosis,
910 2927 1053 2977 sive...velis
1067 2927 1094 2977 in
1105 2929 1147 2977 Fi-

653 2990 898 3053 gendum...pectore,
919 2992 1092 3041 seu...affectas
1120 2993 1148 3040 in

655 3055 810 3102 te...buccae.
842 3056 879 3102 As
886 3055 1021 3118 figendum,
1036 3056 1079 3104 &c
1098 3057 1148 3104 isa

656 3117 789 3180 secondary
808 3119 938 3180 predicate,
956 3120 987 3168 its
1006 3122 1110 3183 protasis
1126 3120 1147 3168 is

656 3181 681 3228 in
692 3180 734 3229 the
746 3180 906 3242 subjunctive.

689 3257 717 3305 31
744 3246 883 3307 Thersites]
898 3247 1012 3357 Juvenal
1028 3245 1104 3309 ought
1120 3243 1147 3294 t'o

655 3307 718 3356 have
747 3309 897 3358 remembere
945 3311 998 3359 that
1025 3310 1146 3367 Achilles,

655 3372 704 3419 and
726 3372 759 3420 all
781 3373 824 3421 the
843 3381 913 3436 poets
935 3374 998 3422 after
1019 3374 1144 3433 Arctinus,

655 3444 741 3499 except
757 3436 898 3499 Sophocles,
912 3436 962 3485 had
975 3437 1052 3487 killed
1069 3437 1147 3486 Ther·

655 3500 720 3558 sites,
745 3507 771 3547 to
793 3516 886 3562 avenge
907 3517 939 3548 an
960 3501 1034 3549 insult
1056 3509 1082 3550 to
1105 3503 1148 3552 the

654 3579 765 3625 memory
783 3563 812 3610 oi
831 3563 1148 3614 Penthesilea—Traduce-

655 3627 859 3689 bat-ancrpitem,
880 3629 1030 3678 “exhibited
1051 3629 1151 3680 himself

656 3691 715 3738 with
727 3691 839 3738 doubtful
850 3691 944 3740 effect.‘’
1143 3696 1144 3699 ’
