2514 4148
377 119 380 125 ’
464 111 751 197 ’ΒΑΉΚΑΧ
794 172 866 197 „¹

108 277 220 346 Suetus,
241 271 304 332 hiat
316 281 443 344 tantum,
465 289 520 332 cen
540 273 636 348 pullus
655 271 824 345 hirundinis,
845 275 884 334 ad
905 293 992 350 quem

111 380 168 439 Ore
188 378 270 437 volat
288 377 377 453 pleno
397 386 490 436 mater
506 378 615 452 Jejuna
655 377 714 438 Sed
733 378 815 441 omni

111 482 312 541 Membrorum
332 481 441 540 damno
460 482 554 556 major
573 481 728 554 dementia,
750 501 825 558 quae
844 502 901 543 nec
956 497 985 566 ς
1049 472 1054 488 ’
1105 461 1145 509 ”

112 581 241 641 Nomina
260 600 415 652 servorum,
436 600 492 640 nec
511 583 623 640 vultum
642 583 774 660 agnoscit
791 583 887 658 amici,
935 524 965 645 l

113 687 188 746 Cum
209 704 269 761 quo
288 684 441 761 praeterita
461 685 594 745 coenavit
613 697 701 747 nocte
720 707 777 748 nec
795 687 869 761 illos,
953 673 1055 788 ³35³),
1126 666 1143 706 's
1155 691 1190 761 s,

111 789 195 862 Quos
216 785 323 862 genuit,
346 804 419 862 quos
440 786 547 846 eduxit
589 790 668 846 Nam
688 788 790 849 codice
809 808 898 851 saeuo
1056 778 1112 880 Q
1146 825 1170 873 ,A
1219 768 1256 850 f)

113 893 247 951 Heredes
267 901 346 951 vetat
366 910 429 951 esse
450 911 536 966 suos3
563 893 643 964 bona
662 903 724 952 tota
742 896 871 954 seruntur
1092 878 1133 902 χ
1229 873 1235 881 ¹

113 990 161 1054 Ad
182 993 321 1058 Phialenr
347 1005 460 1062 tantum
480 994 596 1055 artificis
616 999 693 1056 valet
712 997 818 1057 halitus
838 998 904 1070 oris,

115 1098 205 1172 Quod
227 1107 344 1157 steterat
363 1097 460 1158 multis
480 1090 511 1156 in
531 1118 645 1158 carcere
664 1099 780 1160 fornicis
800 1100 892 1162 annis.

115 1203 158 1262 Ut
176 1200 293 1277 vigeant
312 1220 413 1261 sensus
433 1200 529 1275 animi,
552 1203 686 1263 ducenda
705 1213 804 1264 tamen
823 1216 890 1264 sunt
1088 1226 1144 1281 ²40

115 1309 228 1366 Funera
246 1316 388 1379 natorum,
409 1326 495 1383 rogus
515 1306 698 1382 aspiciendus
718 1319 832 1368 amatae
1147 1313 1148 1316 ’

116 1408 255 1485 Coniugis
276 1419 305 1468 et
323 1407 420 1472 fratris
435 1409 599 1485 plenaeque
620 1409 771 1470 sororibus.
784 1431 882 1473 urnae.

116 1513 202 1570 Haec
220 1512 289 1571 data
308 1529 404 1587 poena
423 1511 475 1571 diu
493 1510 664 1584 viventibus,
685 1524 718 1573 ut
737 1525 876 1573 renovata

114 1617 234 1690 Semper
253 1615 337 1674 clade
356 1615 470 1687 domus,
491 1615 588 1674 multis
608 1614 638 1673 in
658 1615 783 1676 luctibus
802 1617 892 1694 inque

114 1718 258 1790 Perpetuo
278 1731 409 1771 moerore
430 1722 459 1771 et
478 1713 559 1788 nigra
578 1724 658 1773 veste
679 1725 838 1774 senescant.
1088 1730 1142 1790 245

107 1819 181 1877 Rex
201 1815 306 1892 Pylius,
328 1834 434 1892 magno
455 1815 479 1875 si
499 1815 657 1892 quidquam
678 1817 772 1876 credis
793 1819 935 1890 Homero,

113 1922 288 1997 Exemplum
308 1918 384 1978 vitae
403 1917 457 1977 fuit
476 1937 494 1976 a
514 1917 629 1977 cornice
650 1919 802 1977 secundae

114 2022 225 2082 “Felix
244 2020 394 2094 nimirum,
410 2019 460 2096 qui
480 2029 524 2079 tot
543 2039 596 2096 per
615 2021 712 2078 secula
731 2030 853 2080 mortem

112 2124 234 2185 Distulit
252 2135 341 2199 atque
361 2141 428 2181 suos
447 2123 507 2197 jam
528 2123 628 2180 dextra
649 2131 799 2196 computat
817 2140 918 2195 annos,

113 2226 231 2302 Quique
250 2243 360 2284 novum
381 2222 467 2282 toties
487 2232 614 2283 mustum
634 2220 733 2280 bibit.'’
775 2223 844 2293 Oro,
866 2241 1020 2299 parumper
1087 2240 1144 2299 250

112 2330 265 2401 AttendaS,
287 2337 427 2404 quantum
447 2327 486 2386 de
505 2326 617 2401 legibus
637 2324 701 2400 ipse
721 2335 855 2400 queratur

113 2435 250 2494 Fatorum
270 2442 300 2492 et
319 2430 410 2491 nimio
429 2431 468 2490 de
488 2429 618 2502 stamine,
641 2449 731 2506 quum
750 2428 831 2489 videt
850 2428 923 2488 acris
1010 2499 1014 2507 Ι

112 2535 262 2595 Antilochi
280 2536 402 2594 barbam
422 2535 571 2594 ardentem
581 2556 590 2608 3
616 2554 706 2610 quum
727 2533 838 2611 quaerit
857 2536 895 2593 ab
916 2533 1004 2607 omni,

112 2638 252 2715 Quisquis
272 2639 355 2698 adest
375 2636 479 2710 sociuS,
501 2656 552 2694 cur
570 2637 645 2696 haec
663 2636 694 2695 in
714 2647 846 2712 tempora
865 2638 958 2711 duret,

956 582 978 633 7
1078 580 1124 615 ,δ

946 642 989 670 ist

147 2855 201 2906 231,
216 2843 273 2905 232]
291 2843 387 2891 Homer
397 2842 482 2890 makes
494 2840 604 2889 Achilles
653 2839 742 2904 speaks
753 2839 781 2888 of
792 2840 834 2888 the
845 2840 964 2888 centurias
978 2839 1059 2888 which
1077 2839 1146 2888 Alba

114 2908 156 2968 (Il.
168 2919 205 2956 lx.
221 2919 267 2969 322
276 2908 341 2970 sqq.)
351 2921 465 2968 compare
473 2905 573 2953 himself
578 2913 604 2953 to
653 2905 702 2952 had
713 2904 791 2965 stood,
805 2919 831 2952 as
843 2903 864 2952 il
875 2906 894 2952 it
905 2905 983 2966 might
993 2903 1056 2952 have
1072 2904 1145 2952 stood

112 2972 155 3020 the
174 2971 264 3019 careful
281 2971 385 3018 mother.
416 2969 521 3033 Juvenal
538 2984 603 3017 com·
654 2969 693 3016 for
703 2983 766 3016 ever.

112 3051 183 3110 pares
209 3035 251 3083 the
278 3035 366 3112 dotard
392 3039 420 3083 to
445 3033 488 3082 the
513 3033 605 3095 gaping
688 3043 735 3092 249
749 3034 805 3086 jam
821 3031 923 3091 deme]
934 3032 971 3080 As
987 3031 1045 3093 they
1055 3029 1145 3079 exceed

113 3099 193 3224 chic3kd
208 3159 310 3224 eduxit]
329 3160 429 3222 “Quod
446 3175 491 3208 nos
506 3161 606 3208 educare
654 3095 953 3221 aqqqdroeliiimmm]
984 3158 1051 3205 “To
1061 3157 1145 3205 whom

114 3226 226 3284 dicimus,
245 3225 338 3288 antiqui
355 3226 458 3297 educere
473 3222 603 3272 dixemnt'’
655 3223 697 3271 the
716 3222 802 3270 month
819 3221 847 3269 ot
860 3224 958 3296 uintage
977 3236 1045 3269 came
1066 3221 1145 3268 round

113 3290 195 3354 (Calp'
208 3291 339 3337 Mau*
352 3289 376 3336 u.
391 3288 526 3411 liniil'ur]
553 3350 604 3400 she
653 3303 681 3398 i'
688 3284 1080 3399 riftin‘'iseirh¹it¹inssiewien⁵ti'
1092 3285 1145 3396 iil

112 3365 191 3473 inlitis?
208 3356 422 3492 plrzsleassiiniru-in
448 3415 534 3476 theory
560 3414 602 3463 the
653 3365 781 3477 garsii?
834 3365 877 3413 ΥΡ
935 3476 941 3487 ⁰
1024 3365 1039 3411 y
1086 3398 1090 3405 ⁴
1124 3474 1131 3486 .

111 3480 601 3608 &statuttatlantide
654 3476 908 3597 metridati
923 3474 1145 3597 ltttattlt

145 3620 192 3670 239
208 3611 300 3656 murus
307 3609 393 3667 mis]
412 3609 449 3681 As
457 3607 479 3654 is
485 3606 517 3680 he
525 3606 604 3668 might
654 3605 744 3654 tolose
760 3604 813 3653 him
829 3603 901 3653 when
916 3602 948 3651 he
963 3603 1046 3652 would
1062 3602 1109 3652 feel
1125 3603 1144 3653 it

109 3671 175 3725 have
181 3672 225 3722 left
231 3672 276 3721 her
283 3671 351 3722 there
356 3672 476 3735 3soL1vy,
486 3686 503 3718 ι.
511 3681 542 3732 29
549 3669 602 3730 fin,
655 3675 728 3719 most.
969 3703 971 3708 -
